@inproceedings{unary,
author = {Mohajer, Soheil and Wang, Zhiheng and Bazargan, Kia},
title = {Routing Magic: Performing Computations Using Routing Networks and Voting Logic on Unary Encoded Data},
year = {2018},
isbn = {9781450356145},
publisher = {Association for Computing Machinery},
address = {New York, NY, USA},
url = {https://doi.org/10.1145/3174243.3174267},
doi = {10.1145/3174243.3174267},
booktitle = {Proceedings of the 2018 ACM/SIGDA International Symposium on Field-Programmable Gate Arrays},
pages = {77â€“86},
numpages = {10},
keywords = {unary computing, stochastic computin, scaling network, thermometer code, alternator logic},
location = {Monterey, CALIFORNIA, USA},
series = {FPGA '18}
}

@ARTICLE{hbu,
  author={Faraji, S. Rasoul and Bazargan, Kia},
  journal={IEEE Transactions on Computers}, 
  title={Hybrid Binary-Unary Hardware Accelerator}, 
  year={2020},
  volume={69},
  number={9},
  pages={1308-1319},
  doi={10.1109/TC.2020.2971596}
}

@inproceedings{attention,
 author = {Vaswani, Ashish and Shazeer, Noam and Parmar, Niki and Uszkoreit, Jakob and Jones, Llion and Gomez, Aidan N and Kaiser, \L ukasz and Polosukhin, Illia},
 booktitle = {Advances in Neural Information Processing Systems},
 editor = {I. Guyon and U. Von Luxburg and S. Bengio and H. Wallach and R. Fergus and S. Vishwanathan and R. Garnett},
 pages = {},
 publisher = {Curran Associates, Inc.},
 title = {Attention is All you Need},
 url = {https://proceedings.neurips.cc/paper/2017/file/3f5ee243547dee91fbd053c1c4a845aa-Paper.pdf},
 volume = {30},
 year = {2017}
}

@misc{bert,
  doi = {10.48550/ARXIV.1810.04805},
  
  url = {https://arxiv.org/abs/1810.04805},
  
  author = {Devlin, Jacob and Chang, Ming-Wei and Lee, Kenton and Toutanova, Kristina},
  
  keywords = {Computation and Language (cs.CL), FOS: Computer and information sciences, FOS: Computer and information sciences},
  
  title = {BERT: Pre-training of Deep Bidirectional Transformers for Language Understanding},
  
  publisher = {arXiv},
  
  year = {2018},
  
  copyright = {arXiv.org perpetual, non-exclusive license}
}

@misc{roberta,
  doi = {10.48550/ARXIV.1907.11692},
  
  url = {https://arxiv.org/abs/1907.11692},
  
  author = {Liu, Yinhan and Ott, Myle and Goyal, Naman and Du, Jingfei and Joshi, Mandar and Chen, Danqi and Levy, Omer and Lewis, Mike and Zettlemoyer, Luke and Stoyanov, Veselin},
  
  keywords = {Computation and Language (cs.CL), FOS: Computer and information sciences, FOS: Computer and information sciences},
  
  title = {RoBERTa: A Robustly Optimized BERT Pretraining Approach},
  
  publisher = {arXiv},
  
  year = {2019},
  
  copyright = {arXiv.org perpetual, non-exclusive license}
}

@article{ibert,
  doi = {10.48550/ARXIV.2101.01321},
  
  url = {https://arxiv.org/abs/2101.01321},
  
  author = {Kim, Sehoon and Gholami, Amir and Yao, Zhewei and Mahoney, Michael W. and Keutzer, Kurt},
  
  keywords = {Computation and Language (cs.CL), FOS: Computer and information sciences, FOS: Computer and information sciences},
  
  title = {I-BERT: Integer-only BERT Quantization},
  
  publisher = {arXiv},
  
  year = {2021},
  
  copyright = {arXiv.org perpetual, non-exclusive license}
}

@article{quantizing,
  title={Quantizing deep convolutional networks for efficient inference: A whitepaper},
  author={Krishnamoorthi, Raghuraman},
  journal={arXiv preprint arXiv:1806.08342},
  year={2018}
}

@misc{textbook,
  doi = {10.48550/ARXIV.1805.03648},
  
  url = {https://arxiv.org/abs/1805.03648},
  
  author = {Kastner, Ryan and Matai, Janarbek and Neuendorffer, Stephen},
  
  keywords = {Hardware Architecture (cs.AR), FOS: Computer and information sciences, FOS: Computer and information sciences},
  
  title = {Parallel Programming for FPGAs},
  
  publisher = {arXiv},
  
  year = {2018},
  
  copyright = {Creative Commons Attribution 4.0 International}
}

